% Encoding: UTF-8

@Book{standards:usda,
  author   = {{United States Department of Agriculture}},
  title    = {United States Standards for Grades of Shelled Almonds},
  year     = {1997},
  keywords = {referencias},
  month    = {03},
  type     = {Standard},
}

@Book{standards:unece,
  author   = {{United Nations}},
  title    = {UNECE standard DDP-06 concerning the marketing and commercial quality control of almond kernels},
  year     = {2003},
  address  = {New York and Geneva},
  key      = {DDP-06},
  keywords = {referencias},
  type     = {Standard},
}

@Misc{standards:res1352,
  author   = {{Secretaría de Agricultura y Ganadería de la República Argentina}},
  title    = {Resolución 1352},
  year     = {1967},
  date     = {1967-11-14},
  location = {Buenos Aires},
  url      = {http://servicios.infoleg.gob.ar/infolegInternet/anexos/155000-159999/157438/norma.htm},
  keywords = {referencias},
}

@Misc{codigoalimentario,
  title    = {{Código alimentario argentino}},
  subtitle = {Capítulo XI: alimentos vegetales},
  note     = {Artículo 895 - (Resolución Conjunta SPReI N° 169/2013 y SAGyP N° 230/2013)},
  keywords = {referencias},
}

@Article{teimouri,
  author   = {Teimouri, Nima and Omid, Mahmoud and Mollazade, Kaveh and Rajabipour, Ali},
  title    = {An Artificial Neural Network-Based Method to Identify Five Classes of Almond According to Visual Features},
  year     = {2016},
  volume   = {39},
  number   = {6},
  pages    = {625--635},
  issn     = {1745-4530},
  doi      = {10.1111/jfpe.12255},
  url      = {http://dx.doi.org/10.1111/jfpe.12255},
  journal  = {Journal of Food Process Engineering},
  keywords = {referencias},
}

@Misc{iannamico:cultivo,
  author   = {Luis Iannamico},
  editor   = {Ediciones INTA},
  title    = {Cultivo del almendro},
  year     = {2015},
  keywords = {referencias},
}

@Article{iannamico:frutossecos,
  author       = {Luis Iannamico},
  title        = {Frutos secos: evolución del mercado internacional y situación argentina},
  journaltitle = {{Suplemento El Rural del Diario Río Negro}},
  year         = {2015},
  month        = {4},
  url          = {http://inta.gob.ar/documentos/frutos-secos-evolucion-del-mercado-internacional-y-situacion-argentina},
  keywords     = {referencias},
}

@Book{gonzalezwoods,
  author    = {Rafael C. Gonzalez and Richard E. Woods},
  title     = {Digital Image Processing},
  year      = {2014},
  editor    = {{Pearson Education Inc.}},
  edition   = {3},
  publisher = {{Dorlinkg Kidersley India Pvt. Ltd}},
  isbn      = {978-93-325-1846-9},
  chapter   = {10},
  keywords  = {referencias},
}

@Article{imagenes:otsu,
  author   = {van der Walt, {S}t\'efan and {S}ch\"onberger, {J}ohannes {L}. and {Nunez-Iglesias}, {J}uan and {B}oulogne, {F}ran\c{c}ois and {W}arner, {J}oshua {D}. and {Y}ager, {N}eil and {G}ouillart, {E}mmanuelle and {Y}u, {T}ony and the scikit-image contributors},
  title    = {scikit-image: image processing in {P}ython},
  year     = {2014},
  volume   = {2},
  month    = {6},
  pages    = {e453},
  issn     = {2167-8359},
  doi      = {10.7717/peerj.453},
  url      = {http://scikit-image.org/docs/stable/auto_examples/xx_applications/plot_thresholding.html},
  journal  = {PeerJ},
  keywords = {imagenes},
}

@Misc{imagenes:etiquetado,
  author   = {Trindkaer Nielsen, Torben},
  title    = {An Implementation Of The Connected Component Labelling Algorithm},
  year     = {2014},
  date     = {2014-10-01},
  url      = {https://www.codeproject.com/Articles/825200/An-Implementation-Of-The-Connected-Component-Label},
  keywords = {imagenes},
}

@Misc{faostat,
  author       = {{FAOSTAT, División de Estadística de la Organización de las Naciones Unidas para la Alimentación y la Agricultura}},
  title        = {Matriz detallada del comercio de almendras peladas},
  howpublished = {\url{http://www.fao.org/faostat/es/\#search/almendras}},
  note         = {[Internet; visitado en junio de 2017]},
  keywords     = {referencias},
}

@Misc{pdts,
  author   = {Humberto Secchi and Francisco Rossomando},
  title    = {Diseño e implementación de una estrategia de clasificación óptica de almendras para pequeños productores},
  year     = {2016},
  subtitle = {PTDS N° 80020150600004SJ},
  keywords = {referencias},
}

@Misc{imagenes:interioralmendra,
  author       = {{Jack Kelly Clark}},
  editor       = {{University of California}},
  title        = {Cross section of an almost mature almond nut},
  year         = {2000},
  howpublished = {\url{http://fruitsandnuts.ucdavis.edu/files/108928display.jpg}},
  url          = {http://fruitsandnuts.ucdavis.edu/pages/almond/},
  keywords     = {imagenes},
}

@Misc{imagenes:almendrasclasificadas,
  author   = {{Bühler AG}},
  title    = {Unblanched Almonds},
  url      = {http://www.buhlergroup.com/global/en/process-technologies/optical-sorting/nut-sorting/almond-sorting.htm},
  keywords = {imagenes},
}

@Misc{imagenes:convexhull1,
  author   = {{Usuarios de Wikimedia Commons: Maksim, Pbroks3}},
  editor   = {Wikimedia Commons},
  title    = {File:ConvexHull.svg},
  year     = {2008},
  url      = {https://commons.wikimedia.org/wiki/File:ConvexHull.svg},
  keywords = {imagenes},
}

@Misc{imagenes:convexhull2,
  author   = {{Usuario de Wikimedia Commons: Jespa}},
  editor   = {Wikimedia Commons},
  title    = {File:Simple concave polygon Convex Hull.svg},
  year     = {2017},
  note     = {CC BY-SA 4.0},
  url      = {https://commons.wikimedia.org/wiki/File:Simple_concave_polygon_Convex_Hull.svg},
  keywords = {imagenes},
}

@Misc{imagenes:cilindrohsv,
  author   = {{Usuario de Wikimedia Commons: SharkD}},
  editor   = {Wikimedia Commons},
  title    = {File:HSV color solid cylinder alpha lowgamma.png},
  year     = {2017},
  note     = {CC BY-SA 3.0, GFDL},
  url      = {https://commons.wikimedia.org/wiki/File:HSV_color_solid_cylinder_alpha_lowgamma.png},
  keywords = {imagenes},
}

@Misc{imagenes:maquinasbuhler,
  author   = {{Bühler Sortex Inc.}},
  title    = {Nuts and Dried Fruit Optical Sorting (Brochure)},
  year     = {2015},
  keywords = {imagenes},
}

@Misc{imagenes:maquinastomra,
  author   = {{Tomra Sorting Food Americas}},
  title    = {Nimbus Optical Sorter (Brochure)},
  year     = {2016},
  keywords = {imagenes},
}

@Misc{imagenes:nimbusdiagrama,
  author   = {{Tomra Sorting Food Americas}},
  title    = {Nimbus working principle},
  url      = {https://www.tomra.com/en/solutions-and-products/sorting-solutions/food/sorting-equipment/nimbus/},
  keywords = {imagenes},
}

@Software{soft:matlab,
  author   = {{The Mathworks Inc.}},
  title    = {Matlab},
  date     = {2015-08-20},
  version  = {R2015b},
  url      = {https://www.mathworks.com/products/matlab.html},
  keywords = {software},
}

@Software{soft:mbeautifier,
  author   = {David Varga},
  title    = {M{B}eautifier},
  date     = {2016-11-18},
  version  = {1.2.1},
  url      = {https://github.com/davidvarga/MBeautifier},
  keywords = {software},
}

@Software{soft:multic,
  author   = {Eduard Polityko},
  title    = {Confusion Matrix and its Derivations},
  date     = {2017-03-01},
  version  = {1.0},
  url      = {https://www.mathworks.com/matlabcentral/fileexchange/61817-confusion-matrix-and-its-derivations},
  keywords = {software},
}

@Software{soft:balu,
  author   = {Domingo Mery},
  title    = {{BALU}: A {Matlab} toolbox for computer vision, pattern recognition and image processing},
  date     = {2016-03-22},
  version  = {4.0.1},
  url      = {http://dmery.ing.puc.cl/index.php/balu},
  keywords = {software},
}

@Software{soft:gimp,
  author   = {{The GIMP team}},
  title    = {GIMP},
  date     = {2016-07-16},
  version  = {2.8.18},
  url      = {https://www.gimp.org},
  keywords = {software},
}

@Software{soft:gmic,
  author   = {David Tschumperlé and {GREYC UMR CNRS 6072, Image Team}},
  title    = {G'MIC (plug-in for GIMP)},
  date     = {2016-11-18},
  version  = {1.7.8},
  url      = {http://gmic.eu},
  keywords = {software},
}

@Software{soft:knime,
  author   = {{KNIME GmbH}},
  title    = {KNIME Analytics Platform},
  date     = {2017-04-06},
  version  = {3.3.2},
  url      = {https://www.knime.org},
  keywords = {software},
}

@Software{soft:yamlmatlab,
  author   = {Jiri Cigler and Jan Siroky and Pavel Tomasko and colaboradores},
  title    = {{YAMLM}atlab},
  date     = {2017},
  note     = {Commit 20d3e1f},
  url      = {https://github.com/aguadopd/yamlmatlab},
  keywords = {software},
}

@Manual{estcirc,
  author   = {{NCSS, LLC}},
  title    = {NCSS 11 Statistical Software (User Manual)},
  year     = {2016},
  location = {Kaysville, Utah, USA},
  chapter  = {230: Circular Data Analysis},
  url      = {https://www.ncss.com/software/ncss/ncss-documentation/#DescriptiveStatistics},
  keywords = {referencias},
}

@Article{otsu,
  author    = {Otsu, Nobuyuki},
  title     = {A threshold selection method from gray-level histograms},
  year      = {1979},
  volume    = {9},
  number    = {1},
  pages     = {62--66},
  journal   = {IEEE transactions on systems, man, and cybernetics},
  keywords  = {referencias},
  publisher = {IEEE},
}

@Thesis{aguadopd2017,
  author      = {Aguado, Pablo Daniel and Secchi, Humberto and Orellana, Adrián and Rossomando, Francisco and Zavalla, Eduardo},
  title       = {Una estrategia para la clasificación óptica de almendras},
  type        = {Trabajo Final},
  institution = {Universidad Nacional de San Juan},
  year        = {2017},
  language    = {spanish},
  location    = {San Juan, Argentina},
  doi         = {10.5281/zenodo.838323},
  abstract    = {En este trabajo se diseñó y desarrolló un programa informático para la clasificación automática de almendras peladas mediante procesamiento de imágenes, analizando diversas características de forma y de color. Para ensayarlo se construyó un prototipo de sistema de visión artificial con el cual se creó un conjunto de 564 imágenes de almendras y otros objetos. El conjunto de imágenes fue etiquetado manualmente en base a las normas de la Comisión Económica de las Naciones Unidas para Europa (UNECE) para el comercio de almendras. Los resultados del clasificador desarrollado son similares a los obtenidos con algoritmos de clasificación estándar, como máquinas de soporte vectorial o Boosted Trees. Los descriptores elegidos permiten clasificar binariamente el conjunto con una exactitud global de 93 \%.},
}

@Misc{dataset,
  author       = {Aguado, Pablo Daniel and Secchi, Humberto and Orellana, Adrián and Rossomando, Francisco and Zavalla, Eduardo},
  title        = {Una estrategia para la clasificación óptica de almendras},
  year         = {2017},
  subtitle     = {(dataset)},
  version      = {1.0},
  organization = {Universidad Nacional de San Juan},
  location     = {San Juan, Argentina},
  doi          = {10.5281/zenodo.838196},
  keywords     = {referencias},
}

@Thesis{graffigna,
  author      = {Graffigna Vaggione, Juan Pablo},
  title       = {Detección de defectos de superficie mediante técnicas de Visión Artificial: aplicación a la selección de aceitunas},
  type        = {Trabajo Final},
  institution = {Universidad Nacional de San Juan},
  year        = {1996},
  language    = {spanish},
  location    = {San Juan, Argentina},
  keywords    = {referencias},
}

@Comment{jabref-meta: databaseType:biblatex;}
